@article{koblitz87,
title={Elliptic curve cryptosystems},
volume={48},
DOI={10.1090/s0025-5718-1987-0866109-5},
number={177},
journal={Mathematics of Computation},
author={Koblitz, Neal},
year={1987},
month={01},
pages={203â€“203}
}
